<record><leader>00000cas a22000007a 4500</leader><controlfield tag="001">9522075</controlfield><controlfield tag="008">830518d18691871mauwr ne      0    0eng d</controlfield><controlfield tag="009">3768</controlfield><datafield ind1=" " ind2=" " tag="010"><subfield code="a">sn 83020736 </subfield></datafield><datafield ind1=" " ind2=" " tag="040"><subfield code="a">NPX</subfield><subfield code="b">eng</subfield><subfield code="c">NPX</subfield><subfield code="d">MGN</subfield><subfield code="d">UAB</subfield><subfield code="d">OCLCO</subfield><subfield code="d">OCLCA</subfield></datafield><datafield ind1=" " ind2=" " tag="042"><subfield code="a">msc</subfield></datafield><datafield ind1=" " ind2=" " tag="043"><subfield code="a">n-us-ma</subfield></datafield><datafield ind1="0" ind2=" " tag="130"><subfield code="a">Mystic press (Chelsea, Mass)</subfield></datafield><datafield ind1="0" ind2="4" tag="245"><subfield code="a">The Mystic press.</subfield></datafield><datafield ind1=" " ind2=" " tag="260"><subfield code="a">Chelsea [Mass.] :</subfield><subfield code="b">Hovey Brothers,</subfield><subfield code="c">1869-1871.</subfield></datafield><datafield ind1=" " ind2=" " tag="300"><subfield code="a">v. ;</subfield><subfield code="c">57 cm.</subfield></datafield><datafield ind1=" " ind2=" " tag="310"><subfield code="a">Weekly</subfield></datafield><datafield ind1="0" ind2=" " tag="362"><subfield code="a">Vol. 1, no. 1 (Sept. 25, 1869)-v. 3, no. 1 (Sept. 23, 1871).</subfield></datafield><datafield ind1=" " ind2=" " tag="500"><subfield code="a">Published on Saturday.</subfield></datafield><datafield ind1=" " ind2=" " tag="500"><subfield code="a">Editors: C.A. Hovey, W.A. Hovey.</subfield></datafield><datafield ind1=" " ind2=" " tag="515"><subfield code="a">Vol. 2, no. 1-v. 3, no. 1 also called 53-105.</subfield></datafield><datafield ind1=" " ind2=" " tag="525"><subfield code="a">Supplement with Oct. 15, 1870 issue.</subfield></datafield><datafield ind1="2" ind2="0" tag="610"><subfield code="a">Mystic Press</subfield><subfield code="v">Periodicals.</subfield></datafield><datafield ind1="2" ind2="0" tag="611"><subfield code="a">National Peace Jubilee and Musical Festival</subfield><subfield code="d">(1869 :</subfield><subfield code="c">Boston, Mass.)</subfield><subfield code="v">Periodicals.</subfield></datafield><datafield ind1=" " ind2="0" tag="650"><subfield code="a">Fairs</subfield><subfield code="z">Massachusetts</subfield><subfield code="z">Boston</subfield><subfield code="v">Periodicals.</subfield></datafield><datafield ind1="1" ind2=" " tag="700"><subfield code="a">Hovey, Charles A.</subfield></datafield><datafield ind1="1" ind2=" " tag="700"><subfield code="a">Hovey, William A.</subfield></datafield><datafield ind1=" " ind2=" " tag="752"><subfield code="a">United States</subfield><subfield code="b">Massachusetts</subfield><subfield code="c">Suffolk</subfield><subfield code="d">Chelsea.</subfield></datafield></record>